<?xml version="1.0" encoding="UTF-8"?><collection xmlns="http://www.loc.gov/MARC21/slim"><record><leader>00582nam--2200193-i-4500</leader><controlfield tag="001">000015264</controlfield><controlfield tag="002">20161230</controlfield><controlfield tag="005">20170305202333</controlfield><controlfield tag="008">060222s1000------------r-----000-0-eng-d</controlfield><datafield ind1=" " ind2=" " tag="040"><subfield code="a">IFIN-HH</subfield></datafield><datafield ind1=" " ind2=" " tag="080"><subfield code="a">53(026)</subfield></datafield><datafield ind1="1" ind2=" " tag="100"><subfield code="a">Yavorsky, Boris M</subfield></datafield><datafield ind1="1" ind2="0" tag="245"><subfield code="a">A modern handbook of physics. Translated from the russian by Nicholas Weinstein</subfield><subfield code="c">B.M. Yavorsky, A.A. Detlaf</subfield></datafield><datafield ind1=" " ind2=" " tag="260"><subfield code="a">Moscow</subfield><subfield code="b">Mir Publ</subfield><subfield code="c">1982</subfield></datafield><datafield ind1=" " ind2=" " tag="300"><subfield code="a">712 p</subfield></datafield><datafield ind1=" " ind2=" " tag="500"><subfield code="a">Titlul Original In Limba Rusa: Spravocenik Po Fizike</subfield></datafield><datafield ind1="1" ind2=" " tag="700"><subfield code="a">Detlaf, Andrei A</subfield></datafield><datafield ind1=" " ind2=" " tag="852"><subfield code="a">71635</subfield><subfield code="c">53</subfield></datafield><datafield ind1=" " ind2=" " tag="CAT"><subfield code="a">SYS</subfield><subfield code="c">20170305</subfield><subfield code="h">202333</subfield></datafield></record></collection>